@inproceedings{eleliemy2023daphnesched,
  title={DaphneSched: A Scheduler for Integrated Data Analysis Pipelines},
  author={Eleliemy, Ahmed and Ciorba, Florina M},
  booktitle={2023 22nd International Symposium on Parallel and Distributed Computing (ISPDC)},
  pages={53--60},
  year={2023},
  organization={IEEE}
}

@inproceedings{damme2022daphne,
  title={Daphne: An open and extensible system infrastructure for integrated data analysis pipelines},
  author={Damme, Patrick and Birkenbach, Marius and Bitsakos, Constantinos and Boehm, Matthias and Bonnet, Philippe and Ciorba, Florina and Dokter, Mark and Dowgiallo, Pawl and Eleliemy, Ahmed and Faerber, Christian and others},
  booktitle={Conference on Innovative Data Systems Research},
  year={2022}
}

@inproceedings{callahan2004cascade,
  title={The cascade high productivity language},
  author={Callahan, David and Chamberlain, Bradford L and Zima, Hans P},
  booktitle={Ninth International Workshop on High-Level Parallel Programming Models and Supportive Environments, 2004. Proceedings.},
  pages={52--60},
  year={2004},
  organization={IEEE}
}

@inproceedings{augonnet2009starpu,
  title={StarPU: a unified platform for task scheduling on heterogeneous multicore architectures},
  author={Augonnet, C{\'e}dric and Thibault, Samuel and Namyst, Raymond and Wacrenier, Pierre-Andr{\'e}},
  booktitle={Euro-Par 2009 Parallel Processing: 15th International Euro-Par Conference, Delft, The Netherlands, August 25-28, 2009. Proceedings 15},
  pages={863--874},
  year={2009},
  organization={Springer}
}

@inproceedings{kaiser2014hpx,
  title={Hpx: A task based programming model in a global address space},
  author={Kaiser, Hartmut and Heller, Thomas and Adelstein-Lelbach, Bryce and Serio, Adrian and Fey, Dietmar},
  booktitle={Proceedings of the 8th International Conference on Partitioned Global Address Space Programming Models},
  pages={1--11},
  year={2014}
}


@article{bezanson2012julia,
  title={{Julia: A Fast Dynamic Language for Technical Computing}},
  author={Bezanson, Jeff and Karpinski, Stefan and Shah, Viral B and Edelman, Alan},
  journal={arXiv preprint arXiv:1209.5145},
  year={2012}
}

@article{harris2020array,
  title={{Array Programming With NumPy}},
  author={Harris, Charles R and Millman, K Jarrod and Van Der Walt, St{\'e}fan J and Gommers, Ralf and Virtanen, Pauli and Cournapeau, David and Wieser, Eric and Taylor, Julian and Berg, Sebastian and Smith, Nathaniel J and others},
  journal={Nature},
  volume={585},
  number={7825},
  pages={357--362},
  year={2020},
}

@inproceedings{morandat2012evaluating,
  title={{Evaluating the Design of the R Language: Objects and Functions for Data Analysis}},
  author={Morandat, Flor{\'e}al and Hill, Brandon and Osvald, Leo and Vitek, Jan},
  booktitle={ECOOP 2012--Object-Oriented Programming: 26th European Conference, Beijing, China, June 11-16, 2012. Proceedings 26},
  pages={104--131},
  year={2012}
}

@article{korndorfer2021lb4omp,
  title={LB4OMP: A dynamic load balancing library for multithreaded applications},
  author={Kornd{\"o}rfer, Jonas H M{\"u}ller and Eleliemy, Ahmed and Mohammed, Ali and Ciorba, Florina M},
  journal={IEEE Transactions on Parallel and Distributed Systems},
  volume={33},
  number={4},
  pages={830--841},
  year={2021},
  publisher={IEEE}
}

@article{guennebaud2010eigen,
  title={Eigen},
  author={Guennebaud, Ga{\"e}l and Jacob, Benoit and others},
  journal={URl: http://eigen. tuxfamily. org},
  volume={3},
  number={1},
  year={2010}
}

@article{virtanen2020scipy,
  title={SciPy 1.0: fundamental algorithms for scientific computing in Python},
  author={Virtanen, Pauli and Gommers, Ralf and Oliphant, Travis E and Haberland, Matt and Reddy, Tyler and Cournapeau, David and Burovski, Evgeni and Peterson, Pearu and Weckesser, Warren and Bright, Jonathan and others},
  journal={Nature methods},
  volume={17},
  number={3},
  pages={261--272},
  year={2020},
  publisher={Nature Publishing Group}
}

